@article {MR3043640,
	AUTHOR = {Hecht, F.}, TITLE = {New development in FreeFem++},
	JOURNAL = {J. Numer. Math.},  FJOURNAL = {Journal of Numerical Mathematics},
	VOLUME = {20}, YEAR = {2012},
	NUMBER = {3-4}, PAGES = {251--265},
	ISSN = {1570-2820}, MRCLASS = {65Y15}, MRNUMBER = {3043640},
}